//esempio citazione articolo
@article{articolo1,
  author		= "Slifka, M. K. and Whitton, J. L.",
  title			= "Clinical implications of dysregulated cytokine production",
  journal		= "J. {M}ol. {M}ed.",
  volume		= "78",
  pages			= "74--80",
  year			= "2000",
  doi			= "10.1007/s001090000086"
}

//esempio citazione sito web
@misc{sito1,
  title        = {CiteDrive brings reference management to Overleaf},
  author       = {CiteDrive, Inc},
  year         = 2022,
  note = {\url{https://www.elsevier.com/}}
}

//esempio citazione libro
@book{libro1,
  author		= "Geddes, K. O. and Czapor, S. R. and Labahn, G.",
  title			= "Algorithms for {C}omputer {A}lgebra",
  address		= "Boston",
  publisher		= "Kluwer",
  year			= "1992"
}